@INPROCEEDINGS{Andrews03supportvector,
    author = {Stuart Andrews and Ioannis Tsochantaridis and Thomas Hofmann},
    title = {Support vector machines for multiple-instance learning},
    booktitle = {Advances in Neural Information Processing Systems 15},
    year = {2003},
    pages = {561--568},
    publisher = {MIT Press}
}

@inproceedings{Thomaz:2015,
	Author = {{Edison Thomaz} and {Irfan Essa} and {Gregory D. Abowd}},
	booktitle = {Proceedings of the ACM International Joint Conference on Pervasive Ubiquitous Computing},
	Publisher = {ACM},
	Title = {A Practical Approach for Recognizing Eating Moments with Wrist-Mounted Inertial Sensing},
	Year = {2015}
}

@inproceedings{Parate:2014,
	Author = {{Abhinav Parate} and {Meng-Chieh Chiu} and {Chaniel Chadowitz} and {Deepak Ganesan} and {Evangelos Kalogerakis}},
	booktitle = {Proceedings of the 12th annual international conference on Mobile systems, applications, and services},
	Publisher = {ACM},
	Title = {Risq: Recognizing smoking gestures with inertial sensors on a wristband},
	Year = {2014},
	Month = {June},
	Day = {2}
}

@ARTICLE{Trabelsi:2013,
    author = {Trabelsi, D. and Mohammed, Samer and Chamroukhi, F. and Oukhellou, L. and Amirat, Yacine},
     title = {An unsupervised approach for automatic activity recognition based on hidden Markov model regression},
   journal = {IEEE Transactions on Automation Science and Engineering},
    volume = {Regular paper, in press, DOI: 10.1109/TASE.2013.2256349},
      year = {2013}
}

@Inbook{Stikic:2009,
author="Stikic, Maja
and Schiele, Bernt",
editor="Choudhury, Tanzeem
and Quigley, Aaron
and Strang, Thomas
and Suginuma, Koji",
chapter="Activity Recognition from Sparsely Labeled Data Using Multi-Instance Learning",
title="Location and Context Awareness: 4th International Symposium, LoCA 2009 Tokyo, Japan, May 7-8, 2009 Proceedings",
year="2009",
publisher="Springer Berlin Heidelberg",
address="Berlin, Heidelberg",
pages="156--173",
isbn="978-3-642-01721-6",
doi="10.1007/978-3-642-01721-6_10",
url="http://dx.doi.org/10.1007/978-3-642-01721-6_10"
}

@inproceedings{Froehlich:2007:MSS:1247660.1247670,
 author = {Froehlich, Jon and Chen, Mike Y. and Consolvo, Sunny and Harrison, Beverly and Landay, James A.},
 title = {MyExperience: A System for in Situ Tracing and Capturing of User Feedback on Mobile Phones},
 booktitle = {Proceedings of the 5th International Conference on Mobile Systems, Applications and Services},
 series = {MobiSys '07},
 year = {2007},
 isbn = {978-1-59593-614-1},
 location = {San Juan, Puerto Rico},
 pages = {57--70},
 numpages = {14},
 url = {http://doi.acm.org/10.1145/1247660.1247670},
 doi = {10.1145/1247660.1247670},
 acmid = {1247670},
 publisher = {ACM},
 address = {New York, NY, USA},
 keywords = {SmartPhones, context-aware systems, experience sampling method (ESM), field studies, in situ evaluation, mobile computing, toolkit, usage logging, user surveys, user-centered design},
} 

@article{Doran:2014:TEA:2666867.2666935,
 author = {Doran, Gary and Ray, Soumya},
 title = {A Theoretical and Empirical Analysis of Support Vector Machine Methods for Multiple-instance Classification},
 journal = {Mach. Learn.},
 issue_date = {October   2014},
 volume = {97},
 number = {1-2},
 month = oct,
 year = {2014},
 issn = {0885-6125},
 pages = {79--102},
 numpages = {24},
 url = {http://dx.doi.org/10.1007/s10994-013-5429-5},
 doi = {10.1007/s10994-013-5429-5},
 acmid = {2666935},
 publisher = {Kluwer Academic Publishers},
 address = {Hingham, MA, USA},
 keywords = {Kernel methods, Multiple-instance learning, Support vector machines},
} 

@inproceedings{bunescu:icml07,
title={Multiple Instance Learning for Sparse Positive Bags},
author={Razvan C. Bunescu and Raymond J. Mooney},
booktitle={Proceedings of the 24th Annual International Conference on Machine Learning (ICML-2007)},
month={June},
address={Corvallis, OR},
url="http://nn.cs.utexas.edu/?bunescu:icml07",
year={2007}
}
